@article{necula:pcc,
  title={Proof-carrying code},
  author={George C Necula},
  journal={Proceedings of the 24th ACM SIGPLAN-SIGACT symposium on Principles of programming languages},
  pages={106-119},
  year={1997}
}

@article{appel:fpcc,
  title={Foundational proof-carrying code},
  author={Andrew W Appel},
  journal={Proceedings 16th Annual IEEE Symposium on Logic in Computer Science},
  pages={247-256},
  year={2001}
}

@article{appel:fpcc:semantic,
  title={A semantic model of types and machine instructions for proof-carrying code},
  author={Andrew W Appel, Amy P Felty},
  journal={Proceedings of the 27th ACM SIGPLAN-SIGACT symposium on Principles of programming languages},
  pages={243-253},
  year={2000}
}

@article{appel:fpcc:indexed,
  title={An indexed model of recursive types for foundational proof-carrying code},
  author={Andrew W Appel, David McAllester},
  journal={ACM Transactions on Programming Languages and Systems (TOPLAS)},
  volume={23},
  issue={5},
  pages={657-683},
  year={2001}
}

@article{appel:fpcc:compilers,
  title={Proof-Carrying Code with Correct Compilers},
  author={Andrew W Appel},
  journal={-},
  year={2009}
}

@misc{website:certicoq,
    key={CertiCoq},
    howpublished = {\url{https://certicoq.org}},
}

@misc{website:compcert,
    key={CompCert},
    howpublished = {\url{https://compcert.org}}
}

@misc{website:certikos,
    key={CertiKOS},
    howpublished = {\url{http://flint.cs.yale.edu/certikos/}},
}
